<record><leader>00000cas a22000007a 4500</leader><controlfield tag="001">11275833</controlfield><controlfield tag="008">841017d18731905wvuwr ne      0    0eng d</controlfield><datafield ind1=" " ind2=" " tag="010"><subfield code="a">sn 84038343 </subfield></datafield><datafield ind1=" " ind2=" " tag="040"><subfield code="a">NPX</subfield><subfield code="b">eng</subfield><subfield code="c">NPX</subfield><subfield code="d">WVC</subfield><subfield code="d">DLC</subfield><subfield code="d">WVC</subfield><subfield code="d">NVF</subfield><subfield code="d">NVK</subfield><subfield code="d">OCL</subfield><subfield code="d">OCLCQ</subfield><subfield code="d">OCLCO</subfield></datafield><datafield ind1=" " ind2=" " tag="042"><subfield code="a">msc</subfield></datafield><datafield ind1="0" ind2="0" tag="050"><subfield code="a">Newspaper 10185-X</subfield></datafield><datafield ind1="0" ind2="4" tag="245"><subfield code="a">The Ritchie gazette.</subfield></datafield><datafield ind1=" " ind2=" " tag="260"><subfield code="a">Harrisville, W. Va. :</subfield><subfield code="b">P.W. Morris,</subfield><subfield code="c">1873-</subfield></datafield><datafield ind1=" " ind2=" " tag="300"><subfield code="a">v. ;</subfield><subfield code="c">50-56 cm.</subfield></datafield><datafield ind1=" " ind2=" " tag="310"><subfield code="a">Weekly</subfield></datafield><datafield ind1="0" ind2=" " tag="362"><subfield code="a">Vol. 1, no. 1 (May 15, 1873)-</subfield></datafield><datafield ind1="1" ind2=" " tag="362"><subfield code="a">Ceased in 1905?</subfield><subfield code="z">Cf. Lowther, M.K. Hist. of Ritchie Co.</subfield></datafield><datafield ind1=" " ind2=" " tag="500"><subfield code="a">"Republican."</subfield></datafield><datafield ind1=" " ind2=" " tag="500"><subfield code="a">Publishers: Presley W. Morris and Thomas T. McDougal, 1873-?; Morris, -1904; Robert Morris, 1904; Ernest Collins, 1904-1905.</subfield></datafield><datafield ind1=" " ind2=" " tag="580"><subfield code="a">Absorbed: Eagle (Harrisville, W. Va.) in 1904 (non-extant).</subfield></datafield><datafield ind1=" " ind2="0" tag="651"><subfield code="a">Harrisville (W. Va.)</subfield><subfield code="v">Newspapers.</subfield></datafield><datafield ind1=" " ind2="0" tag="651"><subfield code="a">Ritchie County (W. Va.)</subfield><subfield code="v">Newspapers.</subfield></datafield><datafield ind1=" " ind2=" " tag="752"><subfield code="a">United States</subfield><subfield code="b">West Virginia</subfield><subfield code="c">Ritchie</subfield><subfield code="d">Harrisville.</subfield></datafield><datafield ind1="0" ind2="0" tag="780"><subfield code="t">West Virginia star</subfield><subfield code="w">(DLC)sn 84026800</subfield></datafield><datafield ind1="1" ind2="5" tag="780"><subfield code="t">Eagle (Harrisville, W. Va.)</subfield><subfield code="g">1904</subfield></datafield><datafield ind1="0" ind2="0" tag="785"><subfield code="t">Gazette (Harrisville, W. Va.)</subfield><subfield code="w">(DLC)sn 86092291</subfield></datafield></record>